@article{bose2020globalization,
  title={Globalization and Worker Composition in Indian Formal manufacturing: New Evidence on Product Market Competition Channel},
  author={Bose, Ritabrata and Ramaswamy, K.V.},
  journal={IGIDR Working Paper No. 36},
  year={2020},
  publisher={Indira Gandhi Institute of Development Research}
}