@article{bose2015slums,
  title={Slums in Kolkata: A socio-economic analysis},
  author={Bose, Ritabrata and Ghosh, Santanu},
  journal={The Empirical Econometrics and Quantitative Economics Letters},
  volume={3},
  number={3},
  pages={134--148},
  year={2015}
}