@article{blum2020enforcement,
  title={Enforcement of non-tariff measures: does it matter?},
  author={Blum, Bernardo S and Bose, Ritabrata and Dasgupta, Kunal},
  journal={IIMB Working Paper No. 611},
  year={2020},
  publisher={Indian Institute of Management Bangalore}
}