@article{bose2020industrycycles,
  title={Disaggregated Indian Industrial Cycles: A spectral analysis},
  author={Bose, Ritabrata and Goyal, Ashima},
  journal={IGIDR Working Paper No. 33},
  year={2020},
  publisher={Indira Gandhi Institute of Development Research}
}